@online{MoodleIns,
  author = {Moodle},
  title = {Installing Moodle},
  year = 2024,
  url = {https://docs.moodle.org/403/en/Installing_Moodle},
}

@online{restful,
  author = {Catalyst IT},
  title = {RESTful protocol},
  year = 2024,
  url = {https://github.com/catalyst/moodle-webservice_restful},
}

@online{plugins,
  author = {Moodle},
  title = {Moodle Plugins},
  year = 2024,
  url = {https://moodledev.io/docs/apis/plugintypes},
}

@online{MoodleAuth,
  author = {Catalyst IT},
  title = {Moodle Auth UserKey},
  year = 2024,
  url = {https://github.com/catalyst/moodle-auth_userkey},
}

@online{Airnotifier,
  author = {DCAI},
  title = {Airnotifier},
  year = 2024,
  url = {https://github.com/dcai/Airnotifier},
}

@online{MoodleDL,
  author = {Moodle},
  title = {Moodle App Deep Linking},
  year = 2024,
  url = {https://moodledev.io/general/app/development/link-handling/deep-linking},
}

